<?xml version="1.0" encoding="UTF-8"?><collection xmlns="http://www.loc.gov/MARC21/slim"><record><leader>00423nam--2200133-i-4500</leader><controlfield tag="001">000020327</controlfield><controlfield tag="002">20161230</controlfield><controlfield tag="005">20161230201033</controlfield><controlfield tag="008">060222s1000------------r-----000-0-eng-d</controlfield><datafield ind1=" " ind2=" " tag="080"><subfield code="a">621.375.826:539.17(043)</subfield></datafield><datafield ind1=" " ind2=" " tag="100"><subfield code="a">Faral, Bernard</subfield></datafield><datafield ind1=" " ind2=" " tag="245"><subfield code="a">Etude de l`acceleration d`une cible plane irradie par un laser a 0,26 micrometer de longuer d`onde.these</subfield></datafield><datafield ind1=" " ind2=" " tag="260"><subfield code="a">Orsay, Universite De Paris-sud, 1984.  42 P</subfield></datafield><datafield ind1=" " ind2=" " tag="852"><subfield code="a">72441</subfield></datafield></record></collection>